<?xml version="1.0" encoding="UTF-8" ?>
<collection xmlns:xsi="http://www.w3.org/2001/XMLSchema-instance"
    xsi:schemaLocation="http://www.loc.gov/MARC21/slim
        http://www.loc.gov/standards/marcxml/schema/MARC21slim.xsd"
    xmlns="http://www.loc.gov/MARC21/slim">
<record>
  <leader>00237cam a2200445 i 4500</leader>
  <controlfield tag="001">b12651230</controlfield>
  <controlfield tag="003">LeBAU</controlfield>
  <controlfield tag="005">20170906</controlfield>
  <controlfield tag="008">970913s1929    le            ||1 0 ara d</controlfield>
  <datafield tag="035" ind1=" " ind2=" ">
    <subfield code="a">ocn784450012</subfield>
  </datafield>
  <datafield tag="040" ind1=" " ind2=" ">
    <subfield code="a">LEAUB</subfield>
    <subfield code="b">ara</subfield>
    <subfield code="e">rda</subfield>
    <subfield code="c">LEAUB</subfield>
    <subfield code="d">LEAUB</subfield>
  </datafield>
  <datafield tag="082" ind1="0" ind2="4">
    <subfield code="a">920.05</subfield>
    <subfield code="2">20</subfield>
  </datafield>
  <datafield tag="100" ind1="1" ind2=" ">
    <subfield code="6">880-01</subfield>
    <subfield code="a">Nawfal, ʻAbd Allāh Ḥabīb,</subfield>
    <subfield code="e">author.</subfield>
  </datafield>
  <datafield tag="245" ind1="1" ind2="0">
    <subfield code="6">880-02</subfield>
    <subfield code="a">Kitāb Tarājim ‎‘‎ulamā‎ʼ Ṭarā‎bulus wa-ʼudabā‎ʼihā‎ /</subfield>
    <subfield code="c">ta’līf ‘Abd Allāh Ḥabīb Nawfal.</subfield>
  </datafield>
  <datafield tag="246" ind1="3" ind2="0">
    <subfield code="6">880-03</subfield>
    <subfield code="a">Tarājim ‎‘‎ulamā‎ʼ Ṭarā‎bulus wa-udabā‎ʼihā‎</subfield>
  </datafield>
  <datafield tag="264" ind1=" " ind2="1">
    <subfield code="6">880-04</subfield>
    <subfield code="a">Ṭarā‎bulus :</subfield>
    <subfield code="b">Maṭbaʻat al-Ḥaḍārah,</subfield>
    <subfield code="c">1929.</subfield>
  </datafield>
  <datafield tag="300" ind1=" " ind2=" ">
    <subfield code="6">880-05</subfield>
    <subfield code="a">303 pages ;</subfield>
    <subfield code="c">24 cm</subfield>
  </datafield>
  <datafield tag="336" ind1=" " ind2=" ">
    <subfield code="a">text</subfield>
    <subfield code="b">txt</subfield>
    <subfield code="2">rdacontent</subfield>
  </datafield>
  <datafield tag="337" ind1=" " ind2=" ">
    <subfield code="a">unmediated</subfield>
    <subfield code="b">n</subfield>
    <subfield code="2">rdamedia</subfield>
  </datafield>
  <datafield tag="338" ind1=" " ind2=" ">
    <subfield code="a">volume</subfield>
    <subfield code="b">nc</subfield>
    <subfield code="2">rdacarrier</subfield>
  </datafield>
  <datafield tag="500" ind1=" " ind2=" ">
    <subfield code="a">يتضمن كشاف.</subfield>
  </datafield>
  <datafield tag="505" ind1="0" ind2=" ">
    <subfield code="a">احدب، ابراهيم – احمدي، احمد – ادهمي، احمد بن صالح – ادهمي، محمد اسحق – ارناؤوط، عثمان -- اشرفي، عبد المنعم -- افيوني، عمر -- امام، محمود -- انطون، فرح -- بارودي، عبد الغني -- برادعي، عثمان -- بركة، درويش -- بيرو، نابليون -- تدمري، درويش -- تقاريظ -- ثمين، خليل -- جبلاوي، يوسف -- جسر، حسين -- جسر، محمد  -- حافظ، اسماعيل -- حافظ، عبد الحميد -- حامدي، نجيب -- حبيب، كريمة -- حداد، اسعد -- حداد، جبرائيل -- حسيني، عبد القادر -- خطيب، عبد الحميد -- خلاط، ابراهيم -- خلاط، انيس -- خلاط، نسيم -- خولي، جرجس -- دايه، خليل -- درويش، بن قاسم -- دواس، جعفر -- دوبا، بيوس -- دياب، سليم -- ديبو، ميخائيل -- ذوق، يوسف -- رافعي، أمين -- رافعي، عبد الغني -- رافعي، عبد الحميد -- رافعي، عبد القادر الاول -- رافعي، عبد القادر الثاني -- رافعي، مصطفى -- رافعي، محمد كامل -- رافعي، محمود -- رسالة جرجي افندي -- زرعوني، سلبيسترس -- زريق، انطون -- زريق، قيصر -- زعبي، حسن -- زعبي، فتح الله -- زعبي، نجيب -- زمور، اسكندر -- سعاده، إلياس -- سلطان، القاضي احمد -- سلطان، المحامي احمد -- سلطان، عبد العزيز -- سالكا، عبد اللطيف -- سمعان،ي شمعون -- سمعاني، يوسف -- سندروسي، محمد -- سنيني، عبد الجليل -- سلهب، محيي الدين -- سيري، عبد المولى -- سيري، عمر -- سيفي، محمد -- شنبور، درويش -- شهال، محمد -- شهال، محمد -- شهال، محمود -- صادق، خليل -- صدقة، الياس -- صدقة، مخائيل </subfield>
  </datafield>
  <datafield tag="505" ind1="0" ind2=" ">
    <subfield code="a">صدقة، جبرائيل -- صدقة، مكاريوس -- صراف، انطوان -- صفدي، عبد الرؤوف -- صوايا، لبيبة -- صوفي، عبد الله -- صوفي، عبد الرحمن -- صوفي، عبد اللطيف -- صوفي، محمد -- صبيعة، موسى -- طرابلسي، خليل -- طرابلسي، نصر الله -- عز الدين، عبد الرحمن -- علاء الدين، علي بن محمد -- عمر، ابو محمد -- عطية، فريدة -- غندور، محمد -- غريب، يعقوب -- فتال، ابراهيم -- قاوقجي، شمس الدين -- كاتسفليس، ادوار -- كاتسفليس، اسكندر -- كاتسفليس، تيدور -- كاتسفليس، جواني -- كاتسفليس، جورج -- كاتسفليس، قيصر -- كاتسفليس، كريستوف -- كرامه، علي -- كرامه، عمر -- كرامه، مصطفى -- مابرو، قيصر -- محمد بن محمد، صلاح الدين – مر، الخوري الياس – مرعبي، علي باشا – مغربي، عبد الرحمن -- مغربي، محمود -- مقدم، اسماعيل -- منصور، نقولا -- منقارة، حسين -- منلا، عبد القادر -- منيني، احمد بن علي -- مؤذن، عبد الله -- ميقاتي، علي رشيد -- ميقاتي، مصطفى الحكيم -- ميقاتي، محمد رشيد -- ميقاتي، محمد -- نجا، عبد القادر -- نحاس، اسكندر -- نحاس، بولين -- نحاس، نقولا -- نشابه، محمود -- نعوم، جرجس -- نعوم، يعقوب -- نوفل، الياس و يعقوب -- نوفل، انيس -- نوفل، ابو نسيم عبد الله -- نوفل، جرجس -- نوفل، حبيب -- نوفل، سليم -- نوفل، عبد الله -- نوفل، موسى -- نوفل، نسيم و انطوان -- نوفل، نقولا -- نوفل، نوفل -- نوفل، هاني -- نوفل، وديع -- يكن، محمد -- يني، اسحق -- يني، انطونيوس -- يني، صموئيل.</subfield>
  </datafield>
  <datafield tag="650" ind1=" " ind2="4">
    <subfield code="a">المدن والحواضر</subfield>
    <subfield code="z">لبنان</subfield>
    <subfield code="z">طرابلس.</subfield>
  </datafield>
  <datafield tag="650" ind1=" " ind2="0">
    <subfield code="a">Cities and towns</subfield>
    <subfield code="z">Lebanon</subfield>
    <subfield code="z">Tripoli.</subfield>
  </datafield>
  <datafield tag="651" ind1=" " ind2="4">
    <subfield code="a">طرابلس (لبنان)</subfield>
    <subfield code="v">تراجم.</subfield>
  </datafield>
  <datafield tag="651" ind1=" " ind2="0">
    <subfield code="a">Tripoli (Lebanon)</subfield>
    <subfield code="v">Biography.</subfield>
  </datafield>
  <datafield tag="775" ind1="0" ind2=" ">
    <subfield code="6">880-06</subfield>
    <subfield code="t">Tarājim ‎‘‎ulamā‎ʼ Ṭarā‎bulus wa-udabā‎ʼihā‎</subfield>
    <subfield code="d">Ṭarā‎bulus : Maktabat al-Sā’iḥ, 1984</subfield>
    <subfield code="w">b19236335</subfield>
  </datafield>
  <datafield tag="852" ind1=" " ind2=" ">
    <subfield code="a">Jafet Reference</subfield>
    <subfield code="e">American University of Beirut, Bliss Street , Beirut, Lebanon.</subfield>
  </datafield>
  <datafield tag="852" ind1=" " ind2=" ">
    <subfield code="a">Jafet Archives and Special Collections</subfield>
    <subfield code="e">American University of Beirut, Bliss Street , Beirut, Lebanon.</subfield>
  </datafield>
  <datafield tag="880" ind1="1" ind2=" ">
    <subfield code="6">100-01/(3/r</subfield>
    <subfield code="a">نوفل، عبد الله حبيب،</subfield>
    <subfield code="e">مؤلف. </subfield>
    <subfield code="4">aut.</subfield>
  </datafield>
  <datafield tag="880" ind1="1" ind2="0">
    <subfield code="6">245-02/(3/r</subfield>
    <subfield code="a">كتاب تراجم علماء طرابلس وادبائها /</subfield>
    <subfield code="c">تأليف عبد الله حبيب نوفل.</subfield>
  </datafield>
  <datafield tag="880" ind1="3" ind2="0">
    <subfield code="6">246-03/(3/r</subfield>
    <subfield code="a">تراجم علماء طرابلس وادبائها</subfield>
  </datafield>
  <datafield tag="880" ind1=" " ind2="1">
    <subfield code="6">264-04/(3/r</subfield>
    <subfield code="a">طرابلس :</subfield>
    <subfield code="b">مطبعة الحضارة،</subfield>
    <subfield code="c">1929.</subfield>
  </datafield>
  <datafield tag="880" ind1=" " ind2=" ">
    <subfield code="6">300-05/(3/r</subfield>
    <subfield code="a">303 صفحات ؛</subfield>
    <subfield code="c">24 سم</subfield>
  </datafield>
  <datafield tag="880" ind1="0" ind2=" ">
    <subfield code="6">775-06/(3/r</subfield>
    <subfield code="t">تراجم علماء طرابلس وادبائها</subfield>
    <subfield code="d">طرابلس : مكتبة السائح، 1984</subfield>
    <subfield code="w">b19236335</subfield>
  </datafield>
  <datafield tag="907" ind1=" " ind2=" ">
    <subfield code="a">.b12651230</subfield>
    <subfield code="b">17-10-02</subfield>
    <subfield code="c">11-05-24</subfield>
  </datafield>
  <datafield tag="907" ind1=" " ind2=" ">
    <subfield code="a">.b12651230</subfield>
    <subfield code="b">11-10-11</subfield>
    <subfield code="c">11-05-24</subfield>
  </datafield>
  <datafield tag="945" ind1=" " ind2=" ">
    <subfield code="f">RLEB</subfield>
    <subfield code="a">920.05:N32tA:c.1</subfield>
    <subfield code="i">01048586</subfield>
    <subfield code="j">.i13180721</subfield>
    <subfield code="l">u0607</subfield>
  </datafield>
  <datafield tag="998" ind1=" " ind2=" ">
    <subfield code="a">u03</subfield>
    <subfield code="a">u06</subfield>
    <subfield code="b">97-09-13</subfield>
    <subfield code="c">m</subfield>
    <subfield code="d">a</subfield>
    <subfield code="e">-</subfield>
    <subfield code="f">ara</subfield>
    <subfield code="g">le </subfield>
    <subfield code="h">0</subfield>
    <subfield code="i">2</subfield>
  </datafield>
</record>
</collection>
